<record xmlns="http://www.loc.gov/MARC21/slim" xmlns:xsi="http://www.w3.org/2001/XMLSchema-instance" xsi:schemaLocation="http://www.loc.gov/MARC21/slim http://www.loc.gov/standards/marcxml/schema/MARC21slim.xsd">

  <leader>00757nam a2200157Ia 4500</leader>
  <datafield ind1=" " tag="999" ind2=" ">
    <subfield code="c">2394</subfield>
    <subfield code="d">2394</subfield>
  </datafield>
  <controlfield tag="008">180918b1989    cr ||||| |||| 00| u spa d</controlfield>
  <datafield tag="090" ind1=" " ind2=" ">
    <subfield code="a">19.04.01 </subfield>
    <subfield code="b">573</subfield>
  </datafield>
  <datafield ind2=" " tag="111" ind1=" ">
    <subfield code="9">4240</subfield>
    <subfield code="a">niversidad de Costa Rica. Congreso Universitario (5 : 1989 : San José, Costa Rica)</subfield>
  </datafield>
  <datafield ind2="0" tag="245" ind1="1">
    <subfield code="a">Quinto Congreso de la Universidad de Costa Rica: La Universidad de Costa Rica de cara al futuro: perspectivas para su desarrollo / </subfield>
    <subfield code="c">Universidad de Costa Rica</subfield>
  </datafield>
  <datafield ind2=" " ind1=" " tag="260">
    <subfield code="a">San José, Costa Rica : </subfield>
    <subfield code="b">Oficina de Publicaciones de la  Universidad de Costa Rica, </subfield>
    <subfield code="c">1989</subfield>
  </datafield>
  <datafield tag="300" ind1=" " ind2=" ">
    <subfield code="a">14 páginas</subfield>
  </datafield>
  <datafield ind1=" " tag="500" ind2=" ">
    <subfield code="a">Universidad de Costa Rica. Congreso Universitario (5 : 1989 : San José, Costa Rica)</subfield>
  </datafield>
  <datafield tag="610" ind1=" " ind2="4">
    <subfield code="9">714</subfield>
    <subfield code="a">UNIVERSIDAD DE COSTA RICA</subfield>
  </datafield>
  <datafield ind2="0" ind1="1" tag="650">
    <subfield code="a">CONFERENCIA</subfield>
    <subfield code="9">506</subfield>
  </datafield>
  <datafield ind1=" " tag="942" ind2=" ">
    <subfield code="2">z</subfield>
    <subfield code="c">01</subfield>
  </datafield>
</record>